@book{olifer2016,
  author    = {Олифер, В. and Олифер, Н.},
  title     = {Компьютерные сети. Принципы, технологии, протоколы. Учебник},
  year      = {2016},
  publisher = {Питер},
  pages     = {996},
}

@book{tanenbaum2024,
  author    = {Таненбаум, Э.},
  title     = {Компьютерные сети},
  edition   = {6},
  year      = {2024},
  publisher = {Питер},
  pages     = {992},
}

@online{vscode,
  title       = {Visual Studio Code},
  url         = {https://code.visualstudio.com/},
}

@online{ali,
  title       = {Программа ali},
  url         = {https://github.com/nakabonne/ali},
}
